Record 1
LDR  00826ngm a2200241Ka 4500
001  4512224
003  CLU
005  20020510143000.0
007  vf cbaho               
008  000923s1992                      v fre u
035       $9 07-ASA-7291
245  00   $a Afrique, je te plumerai $h [videorecording] : $b (Africa, I will fleece you) / $c Jean-Marie Teno.
260       $b California Newsreel [distributor], $c 1992.
300       $a 1 videocassette (VHS) (88 min.) : $b sd., col. ; $c 1/2 in.
500       $a UCLA GEN: DROP INCOMING 005 AND SUBSTITUTE CONFIG VALUE.
500       $a OUT 856 FIELDS AFTER ALL 852s.
500       $a TEST REC 7 *****
650   0   $a Imperialism.
651   0   $a Cameroon.
852       $a LAGE $b mg $j VC14784 $3 1 videocassette (VHS) (88 min) : sd., col. ; 1/2 in.
856   0   $a First 856
856   0   $a Second 856
901       $a LAGE $b 4512224

Record 2
