LDR  01103cgm a2200349Ka 4500
001  4857417
003  CLU
005  20020510143000.0
007  vd cgaizu
007  vd cgaizu
008  000509p20001945cau140            vleng d
035       $a (OCoLC)44009587
035       $9 07-ATV-1392
040       $a GZD $c GZD $d CLU
020       $a 0790744430
024  1    $a 012569507029
028  40   $a 65070 $b Warner Home Video/DVD Video
092       $a 791.4372
099       $a DVD 158
049       $a CLUV $o MUSCLSD [MUSCLSD-MULTIMED] $l L0080930803
245  00   $a Anchors aweigh $h [videorecording] / $c a Metro-Goldwyn-Mayer Picture.
250       $a Standard version.
260       $a Burbank, Calif. : $b Warner Home Video, $c 2000.
300       $a 1 videodisc (140 min.) : $b sd., col. ; $c 3 3/4 in.
500       $a UCLA GEN: DROP 9XX FROM BIB SEGMENT
500       $a DROP ALL FIELDS FROM HOL SEGMENT (OUTPUT SOME TO NEW 852)
500       $a TEST REC 8 *****
650   0   $a Video recordings for the hearing impaired.
700  1    $a Sidney, George, $d 1911-
710  2    $a Metro-Goldwyn-Mayer.
852       $a LAGE $b muclsdmm $j DVD 158
901       $a LAGE $b 4857417

Record 3
