LDR  00699nam a22002175  4500
001  8
003  CLU-ETH
005  20020510143000.0
007  s
008                 us                  eng  
028  02   $a 308A $b Indian Records, Inc.
035       $9 01-AAA-0007
245  00   $a 16 Northern Cheyenne Pow Wow Songs $h sound recording
260       $a Fay, Oklahoma : $b Indian Records, $c 19--?
500       $a UCLA EMA: CREATE 901 BASED ON 001 AND 003 VALUES. 901 sub/a=LAEM;  901 sub/b=8
500       $a CREATE 852 sub/a BASED ON 003; sub/a=LAEM;
500       $a TEST REC 10 *****
690   0   $a Indians of North America.
690   0   $a Cheyenne Indians.
852       $a LAEM $b etstx $h ARC172 $i .vol. 1-2 $z Two copies.
901       $a LAEM $b 8

Record 5
