LDR  00884ngm a22001931i 4500
001  9999
003  CLU-FT
005  20020510143000.0
007  vf|cbahom
008        s1955    xxu                 eng d
245  00   $a Mothra rules / $c RKO Radio
260       $c 1955.
500       $a UCLA FTV: CREATE 901 BASED ON 001 AND 003 VALUES. 901 sub/a=LAFT;  901 sub/b=6597
500       $a CREATE 852 sub/a BASED ON 003; sub/a=LAFT;
500       $a TEST REC 11 *****
650   0   $a Monsters $v Drama.
655   7   $a Features. $2 mim
852       $a LAFT $b ftarsc $j VA1834 M $z AVAILABILITY: Study copy. Available for onsite viewing only. $z PRESERVATION: Stage 3 preservation. $z REPRODUCTION: Reproduced by UCLA Film and Television Archive from 3/4 in. videocassette (M53897). $z Reproduction for preservation purposes permitted by NTA (Republic), 1985. $3 1 videocassette of 1 (VHS) (87 min.) : sd., col. ; 1/2 in.
901       $a LAFT $b 9999

Record 6
