LDR  01498nmm a2200265ia 4500
001  4306875
003  CLU
005  20020510143000.0
008  990624s1998    fr         u        fre d
245  00   $a Mothra learns PL/I in France.
250       $a [Nouvelle version] CD-ROM PC/Mac.
260       $a [Paris] : $b Havas Interactive, $c c1998.
300       $a 1 computer optical disc : $b sd., col. ; $c 4 3/4 in. + $e 1 guide (inserted in jewel case).
500       $a UCLA GEN: CHECK THAT 852 SUBFIELD OUTPUT FROM 852 INPUT MATCHES SPEC
500       $a TEST REC 12 *****
852       $a LAGE $b arsc $c Collie $c Calf $e Ermine $e EEK $e Elf $z Zhol1** $3 v.111
852       $a LAGE $b biper $f Frog $f Fawn $g Godzilla $g Goat $j Jellyfish Coll $z Zhol3** $3 v.333
852       $a LAGE $b cars $h Halogen $i Icythyosaur $i Inchworm $z Zhol4** $3 v.444
852       $a LAGE $b eanews $j Juggernaut Coll $k Kangaroo Rat $k Kidney $k Kingfisher $l Luna Moth $z Zhol5** $3 v.555
852       $a LAGE $b idcoll $j JuneBug $m Mosquito $m Mermaid $m Mulligatawny $z Zhol6** $z Zanza $3 v.666
852       $a LAGE $b lwsc $n Nutshell $p PrarieDog $q Quacker $z Zhol7** $3 v.777
852       $a LAGE $b mg $h DC39 $i .A2 1998 $s Scarlet $s Silk $s Satin $t Taffeta $z Zhol888**
852       $a LAGE $b scav $z Zorro $z Zhol9 $3 v.999
852       $a LAGE $b ueefolk $c Citrine $c Coral $e Emerald $e Earthfire $f Fire Agate $f Fools Gold $f Feldspar $g Garnet $g Grenadine $h Heliotrope $i Iolite $i Indian Star Ruby $j Jade $k Kyanite $k Keraline $l Lapis Lazuli $m Moonstone $m Malachite $n Nephrite $p Peridot $q Quartz $s Sardonyx $s Sea Jasper $t Topaz $z Zircon $z Zoisite $z Zhol10 $3 v.101010
901       $a LAGE $b 4306875

Record 7
