LDR  01445nas a2200241 a 4500
001  4978
003  CLU
005  20020510143000.0
008  980402c19uu9999azuuu         0    0eng d
010       $a sn 98017887 
130  0    $a Art life (Central and Northern Arizona ed.)
245  00   $a Art life.
246  13   $a Art life Arizona
250       $a Central and Northern Arizona ed.
260       $a Tucson, AZ : $b The Stanbery Corp.,
300       $a v. : $b ill. ; $c 23 x 10 cm.
500       $a UCLA GEN: DO NOT OUTPUT sub/x SUBFIELDS FROM 852,866,867,868, BUT DO OUTPUT sub/z and sub/3 from those fields.
500       $a PUT LABEL SUPPLEMENTS IN FRONT OF sub/a FROM 867s; PUT LABEL INDEXES IN FRONT OF sub/a FROM 868s.
500       $a TEST REC 13 *****
650   0   $a Art museums $z Arizona $x Directories.
852       $a LAGE $b arsc $h N511.A7 $i A78 $z Output this note from 852. $z Banana:Output this note from the 866 $z Kiwi:Output this note from the 867 $z Plum:Output this note from the 2nd 867 $z Fig:Output this note from the 868 $3 v.90-95; v.99-102; Supplements:v.95A,97A; v.99B; Indexes:v.1-100
852       $a LAGE $b yrpe $k Oversize $m Latest in secret alcove $z Radish:Output from first 866 $z Turnip:Output from 2nd 866 $z Carrot:Output from 3rd 866 $z Bean:Output2 from 3rd 866 $z Pea:Output from the 867 $z Broccoli:Output2 from 867 $z Rutabaga:Outputfrom 868 $z Yam:Outputfrom 2nd 868 $z Endive:Output2 from 2nd 868 $3 v.2-17; v.18-80; v.81-88; Supplements:v.77A; Indexes:v.1-100; v.101-200
901       $a LAGE $b 4978

Record 8
