LDR  01821nas a2200409   4500
001  17423
003  CLU
005  20020510143000.0
008  750824c19619999ne mrzp       0   a0eng d
010       $a sf 80000094 $z sn 80008490
022  0    $a 0014-3138
035       $a (OCoLC)01568475
035       $9 07-AOS-3114
042       $a lc $a nsdp
043       $a e------
049       $a CLUL
050  00   $a LAW
050  14   $a KJC7101.3 $b .E97
210  0    $a Euro. tax.
222   0   $a European taxation
245  00   $a European taxation.
246  10   $a ET : European taxation. $f <1997>-
260       $a [Amsterdam, $b International Bureau of Fiscal Documentation]
300       $a v. $c 28 cm.
310       $a Monthly $b <, May 1973->
321       $a Biweekly, $b Jan. 1961-
362  0    $a v. 1-   Jan. 15th, 1961-
500       $a UCLA GEN: BIB RECORD LACKS 005; CREATE ONE FROM CONFIG FILE DATE
500       $a TEST REC 14 *****
510  2    $a Public Affairs Information Service bulletin $x 0033-3409
525       $a Kept up to date by loose-leaf entitled: Supplementary service to European taxation.
650   0   $a Taxation $x Law and legislation $z Europe $v Periodicals.
710  2    $a International Bureau of Fiscal Documentation.
730  0    $a Supplementary service to European taxation.
852       $a LAGE $b lw $h KJC7101.3 $i .E97 $z Cumulative indexes are bound with the last volume covered.  Annual indexes are bound with volumes after volume 11. ** Do not retain binders for issues. $z 1967 out of print.  Loose-leaf with older supplementary material bound. $3 B1-42(1961-2002)U43N1-10(2003); Supplements:SUPPLEMENTARY SERVICE:U(1963-2002)UN1-10(2003); SECTION E (SUPPLEMENTARY SERVICE):B(1963-66).B(1968-71).B(1976-81).B(1986-92); Indexes:CUMULATIVE INDEXES:B1-2(1961-62)B3-4(1963-64)B5-6(1965-66)B7-8(1967-68)B9-10(1969-70)
852       $a LAGE $b lwsc
901       $a LAGE $b 17423

Record 9
