LDR  00965dQP a2200313   4500
001  54758
003  CLU
005  20020510143000.0
007  t
007  t
008  730131s1972    inu      b     00 0 eng  
010       $a    72090559 
035       $a (OCoLC)00578230
035       $9 07-AAV-2307
040       $a DLC $c DLC $d m.c. $d CLU
050  0    $a LB2806 $b .B33
100  1    $a Barnes, Ronald E.
260       $a Bloomington, Ind., $b Phi Delta Kappa Educational Foundation $c [1972]
300       $a 38 p. $c 18 cm.
440   0   $a PDK fastbacks, $v 9
500       $a UCLA GEN: DELETE REC HAS NO 245, UNKNOWN LOC, INVALID TYPE, & INVALID BIBLEVEL; CREATE NO 998 FIELDS; DON'T WRITE TO ERROR FILE; WRITE TO OUTPUT FILE
500       $a TEST REC 16 *****
504       $a Bibliography: p. 35-38.
650   0   $a Educational planning.
650   0   $a School management and organization.
852       $a LAGE $b horribleloc
852       $a LAGE $b yrsr $h LB2806 $i .B263l
852       $a LAGE $b sr
901       $a LAGE $b 54758

Record 11
