LDR  16103ngm a22009731i 4500
001  6597
003  CLU-FT
005  20020510143000.0
007  vf|cbahom
007  mr|caaafm|artacac198503
007  mr|caaafm|artacac198701
007  mr|caaafm|artacai198701
007  vf|ccahrm
007  vf|ccahrm
007  vf|ccahrm
007  vr|c ahpm
007  mr|caaafm|artacac198602
007  mr|bab fn|aetknai198410
007  mr|bab fn|aetinai198410
007  mr|bab fn|aetjnai198410
007  mr|naaafm|betnnai198504
007  mr|n a dm|  tnnai198504
007  mr|n abdm|n tnnac
007  st|omncmb|nn e
007  st|pmnzmb|nn e
007  st|pmnzmb|nn e
007  mr|cabafn|boih ni
007  mr|cabafn|boii ai198712
007  mr|cabafn|boij ai198712
007  mr|naaafm|bdinnni198311
007  mr|cabafn|aeig ni
007  mr|cabafn|aeih ni
007  mr|cabafn|aeik ni
007  mr|cabafn|  ik ni
007  st|omncmb|nn e
007  mr|naabfm|n|tnnac199810
008        s1935    xxu                 eng d
035       $9 04-AAA-6617
040       $a CLU $c CLU
245  00   $a Becky Sharp / $c RKO Radio ; producer, Kenneth Macgowan ; director, Rouben Mamoulian ; screen play, Francis Edward Faragoh.
260       $c 1935.
500       $a UCLA FTV: RECORD HAS 28 HOL SEGMENTS; CHECK THAT ALL ARE HANDLED PROPERLY; MOVE 007s FROM HOL SEGS TO BIB SEG OF OUTPUT RECORD
500       $a TEST REC 17 *****
562       $c Restored version.
500       $a Based on Vanity fair by W.M. Thackeray.
511  1    $a Miriam Hopkins, Frances Dee, Cedric Hardwicke, Billie Burke, Alison Skipworth, Nigel Bruce, Colin Tapley, G.P. Huntley, Jr., William Stack, George Hassell, William Faversham, Charles Richman, Doris Lloyd, Leonard Mudie, Bunny Beatty, Charles Coleman, May Beatty, Finis Barton, Alan Mowbray.
508       $a Designed by Robert Edmond Jones; photographed by Ray Rennahan; editor, Archie Marshek.
500       $a Credits were supplied from Maltin, 1992, and Film daily yearbook, 1936.
500       $a Playing time on release was 83 min., according to: Maltin, 1993.
599  1    $a PRESERVATION HISTORY: Preserved at UCLA in a number of stages. Stage 1 was completed in 1984. Around 1988 (stage 2), Italian print material was obtained, which allowed the picture on the last reel to be upgraded, while the somewhat splicey English sound track was edited to fit the Italian print material. For stage 3, a print was obtained from the Netherlands that allowed improvement in both picture and sound quality.
650   0   $a Fortune hunters $z England $v Drama.
655   7   $a Features. $2 mim
655   7   $a UCLA preservation. $2 local
700  1    $a Mamoulian, Rouben. $e direction
700  1    $a Thackeray, William Makepeace, $d 1811-1863. $t Vanity fair.
852       $a LAFT $b ftarsc $j VA1834 M $z AVAILABILITY: Study copy. Available for onsite viewing only. $z PRESERVATION: Stage 3 preservation. $z REPRODUCTION: Reproduced by UCLA Film and Television Archive from 3/4 in. videocassette (M53897). $z Reproduction for preservation purposes permitted by NTA (Republic), 1985. $3 1 videocassette of 1 (VHS) (87 min.) : sd., col. ; 1/2 in.
852       $a LAFT $b ftcoms $j M32244 $q Select print. Excellent condition (Melnitz cond. report, 2/21/91). $z CONDITION: Select print. Excellent condition (Melnitz cond. report, 2/21/91). $z AVAILABILITY: Research copy. Usually available for onsite viewing; some restrictions may apply. Projection only; no individual viewing. $z PRESERVATION: Stage 2 preservation. $z NOTES: New computer-generated UCLA Film and Television Archive logo (gold version) added to head, r1. $z REPRODUCTION: Reproduced by the UCLA Film and Television Archive from various sources. $z Reproduction for preservation purposes permitted by NTA (Republic), 1985. $3 5 reels of 5 (85 min.) (ca. 10000 ft.) : opt sd., EC (col.), low-fade ; 35 mm. safety print.
852       $a LAFT $b ftcoms $j M34211 $q No intro. titles. $z CONDITION: No intro. titles. $z AVAILABILITY: Research copy. Usually available for onsite viewing; some restrictions may apply. Individual use only; no projection. $z PRESERVATION: Stage 2 preservation. $z NOTES: Second best print. $z REPRODUCTION: Reproduced by the UCLA Film and Television Archive from various sources. $z Reproduction for preservation purposes permitted by NTA (Republic), 1985. $3 5 reels of 5 (ca. 9000 ft.) : opt sd., EC (col.), low-fade ; 35 mm. safety print.
852       $a LAFT $b ftcoms $j M34228 $q Incomplete. $z CONDITION: Incomplete. $z AVAILABILITY: Archival copy. Not available for viewing. Contact the Research and Study Center for further information. $z PRESERVATION: Early version of restoration (stage 1?). $z REPRODUCTION: Reproduced by the UCLA Film, Television and Radio Archives from 16 mm. blow-up materials. $z Reproduction for preservation purposes permitted by NTA (Republic), 1985. $z ADDITIONAL PHYSICAL DESCRIPTION: r5AB. $3 1 reel of 5 (r5) (ca. 1000 ft.) : opt sd., EC (col.), low-fade ; 35 mm. safety print.
852       $a LAFT $b ftcoms $j M41545 $z AVAILABILITY: Archival copy. Not available for viewing. Contact the Research and Study Center for further information. Conservation copy. Missing from assigned location prior to SRLF move. $z PRESERVATION: Earlier stage of preservation, possibly stage 2? $z NOTES: "Second best tape." $z REPRODUCTION: Reproduced by the UCLA Film and Television Archive from 35 mm. safety print (M32244). $z Reproduction for preservation purposes permitted by NTA (Republic), 1985. $3 2 videocassettes of 2 : sd., col. ; 3/4 in.
852       $a LAFT $b ftcoms $j M53897 $z AVAILABILITY: Archival copy. Not available for viewing. Contact the Research and Study Center for further information. Conservation copy. $z PRESERVATION: Stage 3 preservation. $z NOTES: "CS2918." "Select tape." $z REPRODUCTION: Pic reproduced from 35 mm. safety print (M32244) and uninventoried 35 mm. nitrate print from Netherlands Film Museum; sd. reproduced from uninventoried 35 mm. mag trk master produced in 1993 by Archive Preservation unit; recorded at the Post Group, Feb. 9, 1993, by UCLA Film and Television Archive. $z Reproduction for preservation purposes permitted by NTA (Republic), 1985. $3 2 videocassettes of 2 (87 min.) : sd., col. ; 3/4 in.
852       $a LAFT $b ftcoms $j M57718 $q Print source in excellent condition. $z CONDITION: Print source in excellent condition. $z AVAILABILITY: Archival copy. Not available for viewing. Contact the Research and Study Center for further information. Conservation copy. $z PRESERVATION: Stage 3 preservation? $z REPRODUCTION: Reproduced from 35 mm. safety print (M32244) and uninventoried 35 mm. nitrate print from Netherlands Film Museum; sd. reproduced from uninventoried 35 mm. mag trk master produced in 199? by Archive preservation unit; recorded at the Post Group by UCLA Film and Television Archive. $z Reproduction for preservation purposes permitted by NTA (Republic), Feb. 1993. $3 2 videocassettes of 2 (85 min.) : sd., col. ; 3/4 in.
852       $a LAFT $b ftpres $j XVE728 -729 M $q 1 min. overlap between r1 and r2. $z CONDITION: 1 min. overlap between r1 and r2. $z AVAILABILITY: Archival copy. Not available for viewing. Contact the Research and Study Center for further information. Missing from assigned location prior to SRLF move. $z PRESERVATION: DV NVTC Ch3 (12/13/88). Has campus no. 5a,bo. $z REPRODUCTION: Reproduced by UCLA Film and Television Archive at the Post Group from 35 mm. safety print (M34211) at stage 1 of preservation, before upgrading of last reel, 1988. $z Reproduction for preservation purposes permitted by NTA (Republic), 1985. $z LOCATION: XVE728 -729 M. $3 2 videoreels of 2 : sd., col. ; 1 in.
852       $a LAFT $b ftcoms $j M32235 $z AVAILABILITY: Withdrawn, 1987. $z NOTES: Second best print; preview print. $z REPRODUCTION: Reproduced by the UCLA Film and Television Archive from various sources. $z Reproduction for preservation purposes permitted by NTA (Republic), 1985. $z LOCATION: A1-468-3 $3 5 reels of 5 (ca. 10000 ft.) : opt sd., EC (col.), low-fade ; 35 mm. safety print.
852       $a LAFT $b ftpres $j M28359 $q Incomplete. $z CONDITION: Incomplete. $z AVAILABILITY: Archival copy. Not available for viewing. Contact the Research and Study Center for further information. $z ADDITIONAL PHYSICAL DESCRIPTION: Untimed, intermediate stage. r1AB, 2A, 3B, 4B. $z REPRODUCTION: Reproduced by the UCLA Film and Television Archive from various sources. $z Reproduction for preservation purposes permitted by NTA, 1985. $z LOCATION: P1-13. $3 5 reels of 10 (r1-3, 6, 8) (ca. 5000 ft.) : yellow ; 35 mm. safety prsv pic masterpos.
852       $a LAFT $b ftpres $j M28360 $q Incomplete. $z CONDITION: Incomplete. $z AVAILABILITY: Archival copy. Not available for viewing. Contact the Research and Study Center for further information. $z ADDITIONAL PHYSICAL DESCRIPTION: Untimed, intermediate stage. r1B. $z REPRODUCTION: Reproduced by the UCLA Film and Television Archive from various sources. $z Reproduction for preservation purposes permitted by NTA, 1985. $z LOCATION: P1-19. $3 1 reel of 10 (r2) (ca. 1000 ft.) : cyan ; 35 mm. safety prsv pic masterpos.
852       $a LAFT $b ftpres $j M28361 $q Incomplete. $z CONDITION: Incomplete. $z AVAILABILITY: Archival copy. Not available for viewing. Contact the Research and Study Center for further information. $z ADDITIONAL PHYSICAL DESCRIPTION: Untimed, intermediate stage. r5A. $z REPRODUCTION: Reproduced by the UCLA Film and Television Archive from various sources. $z Reproduction for preservation purposes permitted by NTA, 1985. $z LOCATION: P1-9. $3 1 reel of 10 (r9) (ca. 1000 ft.) : magenta ; 35 mm. safety prsv pic masterpos.
852       $a LAFT $b ftpres $j M16779 $q Incomplete. $z CONDITION: Incomplete. $z AVAILABILITY: Archival copy. Not available for viewing. Contact the Research and Study Center for further information. Missing from assigned location prior to SRLF move. $z PRESERVATION: Stage 2?. $z NOTES: r1=r4+6;r2=r5+8;r3=r7+9. $z REPRODUCTION: Reproduced by the UCLA Film and Television Archive from original sound trk neg cut to short version. $z Reproduction for preservation purposes permitted by NTA, 1985. $z LOCATION: XFE4335-4337 M. $3 3 reels of 5 : opt sd. ; 35 mm. safety prsv dbl edge trk masterpos.
852       $a LAFT $b ftcoms $j M16790 $q Incomplete. $z CONDITION: Incomplete. $z AVAILABILITY: Archival copy. Not available for viewing. Contact the Research and Study Center for further information. Missing from assigned location prior to SRLF move. $z ADDITIONAL PHYSICAL DESCRIPTION: Mixed, restored sd. trk. $z NOTES: r1=r1-4; r2=r5-9. $z REPRODUCTION: Reproduced by the UCLA Film and Television Archive from separate 35 and 16 mm. trk elements (UCLA/NTA). $z Reproduction for preservation purposes permitted by NTA, 1985. $z LOCATION: A6-68-2. $3 2 reels of 3 ; 16 mm. safety prsv trk.
852       $a LAFT $b ftpres $j M16780 $z AVAILABILITY: Archival copy. Not available for viewing. Contact the Research and Study Center for further information. $z ADDITIONAL PHYSICAL DESCRIPTION: Raw trks; must be mixed. $z NOTES: Each can, 2 rolls, except r4=1 roll, r7=1 roll, r9=1 roll; 1=16 dub; 1=35 dub. $z REPRODUCTION: Reproduced by the UCLA Film and Television Archive from various sources. $z Reproduction for preservation purposes permitted by NTA, 1985. $z LOCATION: P1-26. $3 9 reels of ? : sd., 24 fps, edge trk, 1-trk, mono. ; 16 mm. prsv mag trk.
852       $a LAFT $b ftcoms $j M21349 $z AVAILABILITY: Archival copy. Not available for viewing. Contact the Research and Study Center for further information. $z NOTES: "Box 7." $z REPRODUCTION: Reproduced by UCLA Film and Television Archive from various sources. $z Reproduction for preservation purposes permitted by NTA (Republic), 1985. $3 9 sound tape reels of 9 : analog, 7 1/2 ips, 2-trk., mono. ; 7 in. prsv mag trk master.
852       $a LAFT $b ftpres $j XAG304 -306 M $z AVAILABILITY: Archival copy. Not available for viewing. Contact the Research and Study Center for further information. $z ADDITIONAL PHYSICAL DESCRIPTION: 2500 ft. reel. $z REPRODUCTION: Reproduced by UCLA Film and Television Archive from Dutch-subtitled 35 mm. nitrate print (M53415). $z Reproduction for preservation purposes permitted by ,̲̲̲̲̲̲ Dec. 1993. $z LOCATION: XAG304 -306 M. $3 3 sound tape reels of 3 : analog, 15 ips, 2-trk, mono. ; 10 1/2 in. prsv mag trk master.
852       $a LAFT $b ftpres $j XAG307 -308 M $q Print source was incomplete. $z CONDITION: Print source was incomplete. $z AVAILABILITY: Archival copy. Not available for viewing. Contact the Research and Study Center for further information. $z ADDITIONAL PHYSICAL DESCRIPTION: 1200 ft. reel. $z REPRODUCTION: Reproduced by UCLA Film and Television Archive from 35 mm. nitrate trk neg (M26965). $z Reproduction for preservation purposes permitted by NTA (Republic), Dec. 1993. $z LOCATION: XAG307 -308 M. $3 2 sound tape reels of 2 : analog, 15 ips, 2-trk., mono. ; 10 1/2 in. prsv mag trk master.
852       $a LAFT $b ftnitr $j M34279 $q Incomplete. $z CONDITION: Incomplete. $z AVAILABILITY: Archival copy. Not available for viewing. Contact the Research and Study Center for further information. $z LOCATION: F104-R10-16. $3 2 reels of ? (r2,9) (ca. 2000 ft.) : blue ; 35 mm. nitrate pic neg.
852       $a LAFT $b ftnitr $j M53959 $q Incomplete. $z CONDITION: Incomplete. $z AVAILABILITY: Archival copy. Not available for viewing. Contact the Research and Study Center for further information. $z LOCATION: F104-L12-13. $3 1 reel of ? (r8) (ca. 1000 ft.) : cyan ; 35 mm. nitrate pic neg.
852       $a LAFT $b ftnitr $j M53960 $q Incomplete. $z CONDITION: Incomplete. $z AVAILABILITY: Archival copy. Not available for viewing. Contact the Research and Study Center for further information. $z LOCATION: F104-L12-14. $3 1 reel of ? (r2) (ca. 1000 ft.) : magenta ; 35 mm. nitrate pic neg.
852       $a LAFT $b ftnitr $j M26965 $q Incomplete. $z CONDITION: Incomplete. $z AVAILABILITY: Archival copy. Not available for viewing. Contact the Research and Study Center for further information. $z LOCATION: F109-R30-2. $3 6 reels of 9 (r4-9) (ca. 6000 ft.) : opt sd. ; 35 mm. nitrate trk neg.
852       $a LAFT $b ftnitr $j M34281 $q Incomplete. $z CONDITION: Incomplete. $z AVAILABILITY: Archival copy. Not available for viewing. Contact the Research and Study Center for further information. $z LOCATION: F104-R10-20. $3 6 reels of ? (r1,3-4,6-8) (ca. 6000 ft.) : red ; 35 mm. nitrate pic masterpos.
852       $a LAFT $b ftnitr $j M34282 $q Incomplete. $z CONDITION: Incomplete. $z AVAILABILITY: Archival copy. Not available for viewing. Contact the Research and Study Center for further information. $z LOCATION: LOCATION: F104-R13-24. $3 8 reels of ? (r1-7,9) (ca. 8000 ft.) : blue ; 35 mm. nitrate pic masterpos.
852       $a LAFT $b ftnitr $j M34283 $q Incomplete. $z CONDITION: Incomplete. $z AVAILABILITY: Archival copy. Not available for viewing. Contact the Research and Study Center for further information. $z LOCATION: LOCATION: F104-R10-26. $3 2 reels of ? (r5,7) (ca. 2000 ft.) : yellow ; 35 mm. nitrate pic masterpos.
852       $a LAFT $b ftnitr $j M34280 $q Incomplete. $z CONDITION: Incomplete. $z AVAILABILITY: Archival copy. Not available for viewing. Contact the Research and Study Center for further information. $z PRESERVATION: Used in early stage of restoration; not printing materials. $z LOCATION: LOCATION: F104-R10-18. $3 2 reels of ? (r2,5) (ca. 2000 ft.) : yellow ; 35 mm. nitrate preprint.
852       $a LAFT $b ftnitr $j XAF399 M $z PART/ELEMENT: Intro music. $z AVAILABILITY: Archival copy. Not available for viewing. Contact the Research and Study Center for further information. $z REPRODUCTION: Reproduced by UCLA Film and Television Archive from ?.̲̲̲̲̲̲̲̲̲̲̲ $z Reproduction for preservation purposes permitted by NTA (Republic), 1985. $z LOCATION: XAF399 M. $3 1 sound tape reel of ? : analog, 7 1/2 ips, 2-trk., mono. ; 7 in.? prsv mag trk master.
852       $a LAFT $b ftpres $j M67642 $z AVAILABILITY: Archival copy. Not available for viewing. Contact the Research and Study Center for further information. $z REPRODUCTION: Reproduced by the UCLA Film and Television Archive from prsv sound tape reels (XAG304 -308 M). Reproduction for preservation purposes permitted by NTA (Republic), 1985. $z PRESERVATION: Final prsv mag. $z LOCATION: PRES. VAULT. $3 9 reels of 9 (ca. 9000 ft.) ; 35 mm. safety prsv re-recorded mag trk.
901       $a LAFT $b 6597

Record 12
