LDR  00661nam a22002295  4500
001  8
003  CLU-ETH
005  20020510143000.0
007  s
008                 us                  eng  
028  02   $a 308A $b Indian Records, Inc.
035       $9 01-AAA-0007
100       $a Arden, Dale
245  00   $a The history of the planet Mongo
260       $a Mingo City, Mongo : $b Astral Publishing $c 19--?
500       $a UCLA EMA: DROP 852s FROM BIB SEGMENT
500       $a TEST REC 18 *****
600   0   $a Merciless, Ming the
600   0   $a Gordon, Flash.
650   0   $a Clay People
852       $a LAEM $b etdiss $j Box 9 in secret passage $z Two secret words required to open.
901       $a LAEM $b 8

Record 13
