LDR  01007nas a2200313   4500
001  199966
003  CLU
005  20020510143000.0
008  750824c19619999ne mrzp       0   a0eng d
010       $a 80000094
022  0    $a 0014-3138
035       $a (OCoLC)01568475
035       $9 07-AOS-3114
042       $a lc $a nsdp
043       $a e------
049       $a CLUL
245  00   $a Dragon collectors' magazine.
260       $a [Amsterdam, $b IBFD
300       $a v. $c 35 cm.
310       $a Monthly $b <, May 1973->
321       $a Biweekly, $b Jan. 1961-
362  0    $a v. 1-   Jan. 15th, 1961-
500       $a UCLA: RECORD CONTAINS SHARED PRINT JSTOR LOCATION "srucl2". OUTPUT 793 NOTE WITH SUBFLD a = "UCL Shared Print" AND SUBFLD p = "JSTOR serials" (05/05).
500       $a TEST REC 19 *****
650   0   $a Dragons $x Collectors and collecting $v Periodicals.
793       $a UCL Shared Print $p JSTOR serials
852       $a LAGE $b srucl2 $h NK5173 $i .A46 $3 B1-42(1961-2002)U43N1-10(2003)
852       $a LAGE $b ar* $3 v.44- (2004-)
901       $a LAGE $b 199966

